<?xml version="1.0" encoding="UTF-8"?><collection><record><leader>07453ntm a2200601 a 4500</leader><controlfield tag="001">006835271</controlfield><controlfield tag="003">MiAaHDL</controlfield><controlfield tag="005">20190719000000.0</controlfield><controlfield tag="006">m        d        </controlfield><controlfield tag="007">cr bn ---auaua</controlfield><controlfield tag="008">090707s1664    xx            00| ||ara d</controlfield><datafield tag="035" ind1=" " ind2=" "><subfield code="a">(MiU)006835271</subfield></datafield><datafield tag="035" ind1=" " ind2=" "><subfield code="a">sdr-miu006835271</subfield></datafield><datafield tag="040" ind1=" " ind2=" "><subfield code="a">MiU</subfield><subfield code="c">MiU</subfield><subfield code="e">amremm</subfield></datafield><datafield tag="043" ind1=" " ind2=" "><subfield code="a">n-us-mi</subfield></datafield><datafield tag="100" ind1="1" ind2=" "><subfield code="6">880-01</subfield><subfield code="a">Astarābādhī, Raḍī al-Dīn Muḥammad ibn al-Ḥasan,</subfield><subfield code="d">active 1284.</subfield></datafield><datafield tag="245" ind1="1" ind2="0"><subfield code="6">880-02</subfield><subfield code="a">Sharḥ al-Shāfīyah,</subfield><subfield code="f">[1074, i.e. 1664].</subfield></datafield><datafield tag="246" ind1="3" ind2=" "><subfield code="6">880-03</subfield><subfield code="i">Edge title:</subfield><subfield code="a">Raḍī ʻalá al-Shāfīyah</subfield></datafield><datafield tag="260" ind1=" " ind2=" "><subfield code="c">[1664].</subfield></datafield><datafield tag="300" ind1=" " ind2=" "><subfield code="a">226 leaves :</subfield><subfield code="b">paper ;</subfield><subfield code="c">245 x 155 (185 x 80) mm.</subfield></datafield><datafield tag="500" ind1=" " ind2=" "><subfield code="a">Shelfmark: Ann Arbor, University of Michigan, Special Collections Library, Isl. Ms. 1034</subfield></datafield><datafield tag="500" ind1=" " ind2=" "><subfield code="a">Origin: As appears in colophon on fol.225b, copied by Ismāʻīl ibn Muḥammad Riḍā al-Fashkalī [al-Qashkalī ?]. Transcription ("katabahu...") begun first of Jumādá I 1073 [ca. 12 December 1662] and finished in Dhū al-Qaʻdah 1074 [May-June 1664].</subfield></datafield><datafield tag="500" ind1=" " ind2=" "><subfield code="a">Former shelfmark: Mich. Isl. Ms. temp. no. 183 ; from spine label "۲۸[?]".</subfield></datafield><datafield tag="500" ind1=" " ind2=" "><subfield code="a">Binding: Thin pasteboards (very flexible) faced in red textured paper with purple paper over cloth on spine and and brown cloth at corners (half-bound); Type III binding (without flap); board linings in laid paper with single chain lines spaced roughly 26 mm. apart, laid lines spaced roughly 8 laid lines per cm.; what remains of spine label bears a portion of a former shelfmark; sewn in white thread, two stations, now also stab sewn; overall in somewhat poor condition with paper covering spine ripped and detaching, abrasion, staining, etc. ; remains whole and well-affixed to text block despite significant wear.</subfield></datafield><datafield tag="500" ind1=" " ind2=" "><subfield code="a">Support: non-European (likely Persian) laid paper with laid lines running vertically, spaced roughly 9 laid lines per cm. ; some thin with many undissolved fibers, other heavy with many undissolved fibers; if chain lines are present they are very difficult to see clearly and measure.</subfield></datafield><datafield tag="500" ind1=" " ind2=" "><subfield code="a">Decoration: Notabilia (side heads) rubricated ; overlining and occasional textual dividers in the form of discs and the numeral khamsah "۵" in red.</subfield></datafield><datafield tag="500" ind1=" " ind2=" "><subfield code="a">Script: Naskh ; clear Turkish hand ; essentially serifless (though with occasional serif on lām of lām alif ligature), kāf mashqūqah preferred, tail of lām short and flattened, pointing (for two and three dots) in strokes rather than distinct dots, some sweeping descenders, gentle effect of inclination to the left ; marginalia in several hands, including some bearing the influence of nastaʻlīq / talik.</subfield></datafield><datafield tag="500" ind1=" " ind2=" "><subfield code="a">Layout: Written in 25 lines per page; frame-ruled.</subfield></datafield><datafield tag="500" ind1=" " ind2=" "><subfield code="a">Collation: ii, 28 IV (224), I (226), i ; almost exclusively quaternions; a type of quire or section numbering appears on the verso of the first leaf of each quire beginning from the third but with "الثاني"; catchwords present; pagination in red pencil, very large Hindu-Arabic numerals, is completely unreliable and inaccurate - first mistakenly repeats ۱٢٩, then continues through ٢٢٢ off by one page, abruptly stops then resumes at what is actually p.234 (fol.117b) with "١٣۴" (i.e., off by one hundred pages) then immediately repeats "١٣٦" by mistake and then repeats "١٦۴" by mistake; foliation in black ink, Hindu-Arabic numerals continues through fol.180 only, but is fully accurate; pagination in pencil, Western numerals supplied during collation by cataloguer.</subfield></datafield><datafield tag="500" ind1=" " ind2=" "><subfield code="a">Colophon: "Scribal," reads: "كتبه المذنب اسماعيل بن محمد رضا الفشكلي عفي عنهما ابتدء في غرة جمادى الاول سنة 1073 فرغ في ... شهر ذي القعدة سنة 1074 تم تم تم"</subfield></datafield><datafield tag="500" ind1=" " ind2=" "><subfield code="a">Explicit: "وذلك لقولهم اليك وعليك واما حتى ... على الى والله تعالى اعلم بالصواب واليه المرجع والماب وصلى الله على محمد النبي الامي العربي واله الاطياب وسلم تسلميا"</subfield></datafield><datafield tag="500" ind1=" " ind2=" "><subfield code="a">Incipit: "رب وفق لاكماله بحق محمد واله اما بعد حمد الله تعالى والصلوة على محمد وعترته المعصومين فقد عزمت على ان اشرح مقدمة ابن الحاجب في التصريف والخط وابسط الكلام في شرحها كما في اختها بعين [كذا, بدل بعض] البسط فان اكثر الشراح قد اقتصروا على شرح مقدمة الاعراب وهذا مع قرب التصريف من الاعراب في مساس الحاجة اليه ومع كونهما من جنس واحد بعيد من الصواب وعلى الله المعول في ان يوفقني لاتمامه بمنه وكرمه وبالتوسل بمن انا في مقدس حرمه عليه من الله ازكى السلام وعلى اولاده العز [أو الغر؟] الكرام قال المصنف تولى الله مكافاته..."</subfield></datafield><datafield tag="500" ind1=" " ind2=" "><subfield code="a">Title from inscriptions on "added title page" and fol.1a.</subfield></datafield><datafield tag="500" ind1=" " ind2=" "><subfield code="a">Ms. codex.</subfield></datafield><datafield tag="510" ind1="4" ind2=" "><subfield code="a">Brockelmann, C. GAL,</subfield><subfield code="c">I 305 ; SI 173</subfield></datafield><datafield tag="520" ind1="8" ind2=" "><subfield code="a">Commentary of Raḍī al-Dīn al-Astarābādhī (d. 686 or 8/1287 or 9) on Ibn al-Ḥājib's (d. 646/1249) celebrated manual of morphology, al-Shāfīyah.</subfield></datafield><datafield tag="538" ind1=" " ind2=" "><subfield code="a">Mode of access: Internet.</subfield></datafield><datafield tag="541" ind1=" " ind2=" "><subfield code="c">Purchase;</subfield><subfield code="a">Purchased in Egypt by Mr. Sulaiman;</subfield><subfield code="d">Received: 10/17/1968;</subfield><subfield code="e">(Sulaiman 690713-156)</subfield></datafield><datafield tag="546" ind1=" " ind2=" "><subfield code="a">Arabic.</subfield></datafield><datafield tag="561" ind1=" " ind2=" "><subfield code="a">Several marks of ownership including: inscription accompanied by stamp of Rashīd ibn ʻAbbās Ibn al-Ṣaffār (رشيد بن عباس بن الصفار) seemingly dated 1258 [1842 or 3] on front flyleaf, inscription in name of copyist and oval seal impression on fol.1a and fol.225b, oval seal impression on fol.135a (p.269), and a few obliterated statements on fol.1a and fol.225b; numerous glosses and marginal corrections; an inscription on fol.1a inscription is likely a statement of collation, reads: "۲۲۴ ورق ..."; decorative talismanic square on front flyleaf recto ; talismanic inscription on recto of second front flyleaf (reminiscent of seal of Solomon / al-Ism al-Aʻẓam inscription, likely interesting form of الحوقلة) ; details of transcription (taken from colophon) repeated elsewhere (front and back flyleaves) by later owners.</subfield></datafield><datafield tag="600" ind1="1" ind2="0"><subfield code="a">Ibn al-Ḥājib, ʻUthmān ibn ʻUmar,</subfield><subfield code="d">1175-1249.</subfield><subfield code="t">Shāfiyah.</subfield></datafield><datafield tag="650" ind1=" " ind2="0"><subfield code="a">Manuscripts, Arabic</subfield><subfield code="z">Michigan</subfield><subfield code="z">Ann Arbor.</subfield></datafield><datafield tag="650" ind1=" " ind2="0"><subfield code="a">Arabic language</subfield><subfield code="x">Inflection</subfield><subfield code="v">Early works to 1800.</subfield></datafield><datafield tag="650" ind1=" " ind2="0"><subfield code="a">Arabic language</subfield><subfield code="x">Morphology</subfield><subfield code="v">Early works to 1800.</subfield></datafield><datafield tag="650" ind1=" " ind2="0"><subfield code="a">Arabic language</subfield><subfield code="x">Grammar</subfield><subfield code="v">Early works to 1800.</subfield></datafield><datafield tag="700" ind1="0" ind2=" "><subfield code="6">880-07</subfield><subfield code="a">Rashīd ibn ʻAbbās Ibn al-Ṣaffār,</subfield><subfield code="d">flourished 1842,</subfield><subfield code="e">former owner.</subfield></datafield><datafield tag="700" ind1="0" ind2=" "><subfield code="6">880-05</subfield><subfield code="a">Ismāʻīl ibn Muḥammad Riḍā al-Fashkalī,</subfield><subfield code="d">flourished 1664,</subfield><subfield code="e">scribe,</subfield><subfield code="e">former owner.</subfield></datafield><datafield tag="773" ind1="0" ind2=" "><subfield code="a">Sulaiman Purchase Collection.</subfield></datafield><datafield tag="880" ind1="0" ind2=" "><subfield code="6">700-07/</subfield><subfield code="a">رشيد بن عباس بن الصفار,</subfield><subfield code="e">مالك سابق.</subfield></datafield><datafield tag="880" ind1="0" ind2=" "><subfield code="6">700-05/</subfield><subfield code="a">اسماعيل بن محمد رضا الفشكلى،</subfield><subfield code="e">ناسخ،</subfield><subfield code="e">مالك سابق.</subfield></datafield><datafield tag="880" ind1="3" ind2=" "><subfield code="6">246-03/</subfield><subfield code="a">رضي على الشافية</subfield></datafield><datafield tag="880" ind1="1" ind2="0"><subfield code="6">245-02/</subfield><subfield code="a">شرح الشافية,</subfield><subfield code="f">[1074ه, 1664م].</subfield></datafield><datafield tag="880" ind1="1" ind2=" "><subfield code="6">100-01/</subfield><subfield code="a">استراباذي، رضي الدين محمد بن الحسن.</subfield></datafield><datafield tag="CID" ind1=" " ind2=" "><subfield code="a">006835271</subfield></datafield><datafield tag="DAT" ind1="0" ind2=" "><subfield code="a">20190719102641.0</subfield><subfield code="b">20190719000000.0</subfield></datafield><datafield tag="DAT" ind1="1" ind2=" "><subfield code="a">20190719090653.0</subfield><subfield code="b">2019-07-19T16:12:11Z</subfield></datafield><datafield tag="DAT" ind1="2" ind2=" "><subfield code="a">2015-10-10T18:00:06Z</subfield></datafield><datafield tag="CAT" ind1=" " ind2=" "><subfield code="a">SDR-MIU</subfield><subfield code="d">EX LIBRIS - ALEPH</subfield><subfield code="l">prepare.pl-004-008</subfield></datafield><datafield tag="FMT" ind1=" " ind2=" "><subfield code="a">BK</subfield></datafield><datafield tag="HOL" ind1=" " ind2=" "><subfield code="0">sdr-miu006835271</subfield><subfield code="a">MiU</subfield><subfield code="b">SDR</subfield><subfield code="c">MIU</subfield><subfield code="p">mdp.39015079132216</subfield><subfield code="s">MIU</subfield><subfield code="1">006835271</subfield></datafield><datafield tag="974" ind1=" " ind2=" "><subfield code="b">MIU</subfield><subfield code="c">MIU</subfield><subfield code="d">20190719</subfield><subfield code="s">lit-dlps-dc</subfield><subfield code="u">mdp.39015079132216</subfield><subfield code="y">1664</subfield><subfield code="r">pd</subfield><subfield code="q">bib</subfield><subfield code="t">non-US bib date1 &lt; 1879</subfield></datafield></record></collection>